@book{trankler2015sensortechnik,
  title={Sensortechnik: Handbuch f{\"u}r Praxis und Wissenschaft},
  author={Tr{\"a}nkler, Hans-Rolf and Reindl, Leonhard M},
  year={2015},
  publisher={Springer-Verlag},
  pages=1152}
